<?xml version="1.0" encoding="UTF-8"?><collection xmlns="http://www.loc.gov/MARC21/slim"><record><leader>00525nam--2200169-i-4500</leader><controlfield tag="001">000007299</controlfield><controlfield tag="002">20161230</controlfield><controlfield tag="005">20161230201027</controlfield><controlfield tag="008">060222s1000------------r-----000-0-eng-d</controlfield><datafield ind1=" " ind2=" " tag="040"><subfield code="a">IFIN-HH</subfield></datafield><datafield ind1=" " ind2=" " tag="080"><subfield code="a">523.1:061.3</subfield></datafield><datafield ind1="1" ind2=" " tag="110"><subfield code="a">Instituto Gulbenkian De Ciencia, Lisboa</subfield></datafield><datafield ind1="1" ind2="0" tag="245"><subfield code="a">Cosmological models</subfield><subfield code="b">Proceedings of an international summer institute held at lisbon, september 1963</subfield></datafield><datafield ind1=" " ind2=" " tag="260"><subfield code="a">Lisboa</subfield><subfield code="b">Centro De Calculo Cientifico</subfield><subfield code="c">1964</subfield></datafield><datafield ind1=" " ind2=" " tag="300"><subfield code="a">XXXIV+231P</subfield></datafield><datafield ind1=" " ind2=" " tag="852"><subfield code="a">22014</subfield><subfield code="c">523</subfield></datafield><datafield ind1=" " ind2=" " tag="CAT"><subfield code="a">Sys</subfield><subfield code="c">20130828</subfield><subfield code="h">152933</subfield></datafield></record></collection>